% Encoding: UTF-8
@article{article_eliza,
 author = {Weizenbaum, Joseph},
 title = {ELIZA\&Mdash;a Computer Program for the Study of Natural Language Communication Between Man and Machine},
 journal = {Commun. ACM},
 volume = {9},
 number = {1},
 year = {1966},
 issn = {0001-0782},
 pages = {36--45},
 numpages = {10},
 url = {http://doi.acm.org/10.1145/365153.365168},
 doi = {10.1145/365153.365168},
 acmid = {365168},
 publisher = {ACM},
 address = {New York, NY, USA},
}


@Article{doc_fb_quick_replies,
  author = {Facebook},
  title = {Quick Replies},
  journal = {Facebook for developers},
  year = {2017},
  url = {https://developers.facebook.com/docs/messenger-platform/send-api-reference/quick-replies}
}

@Book{thesis_kathy,
  title     = {Towards better medication adherence apps: Preventing forgetfulness by facilitating the formation of routine-based remembering strategies},
  publisher = {Doctoral thesis, UCL (University College London},
  author    = {Stawarz, Katarzyna Marta},
  editor    = {Cox, Anna L and Blandford, Ann},
  date      = {2017},
}

@Article{article_apps_of_steel,
  author       = {Logan T. Cowan and Sarah A. Van Wagenen and Brittany A. Brown and Riley J. Hedin and Yukiko Seino-Stephan and P. Cougar Hall and Joshua H. West},
  title        = {Apps of Steel: Are Exercise Apps Providing Consumers With Realistic Expectations?},
  volume       = {40},
  number       = {2},
  pages        = {133--139},
  note         = {PMID: 22991048},
  date         = {2013},
  doi          = {10.1177/1090198112452126},
  journal = {Health Education \& Behavior},
}

@Article{article_evaluate_tech_health_behaviour_change,
  author    = {Klasnja, Predrag and Consolvo, Sunny and Pratt, Wanda},
  title     = {How to Evaluate Technologies for Health Behavior Change in HCI Research},
  booktitle = {Proceedings of the SIGCHI Conference on Human Factors in Computing Systems},
  series    = {CHI '11},
  pages     = {3063--3072},
  address   = {New York, NY, USA},
  publisher = {ACM},
  acmid     = {1979396},
  date      = {2011},
  doi       = {10.1145/1978942.1979396},
  isbn      = {978-1-4503-0228-9},
  keywords  = {behavior change, evaluation methods, health informatics, user studies},
  location  = {Vancouver, BC, Canada},
  numpages  = {10},
}

% ---------------- TO SORT ----------------

@Article{article_my_phone_is_part_of_my_soul,
  author    = {Vent\"{a}, Leena and Isomursu, Minna and Ahtinen, Aino and Ramiah, Shruti},
  title     = {"My Phone is a Part of My Soul\&\#148; - How People Bond with Their Mobile Phones},
  booktitle = {Proceedings of the 2008 The Second International Conference on Mobile Ubiquitous Computing, Systems, Services and Technologies},
  year      = {2008},
  series    = {UBICOMM '08},
  pages     = {311--317},
  publisher = {IEEE Computer Society},
  acmid     = {1448110},
  date      = {2008},
  doi       = {10.1109/UBICOMM.2008.48},
  isbn      = {978-0-7695-3367-4},
  keywords  = {mobile phones, bonding, personalization, attachment, familiarity},
  location  = {Washington, DC, USA},
  numpages  = {7},
}

@Article{article_a_self_efficacy,
   Author     = "Bandura, A. ",
   Title      = "{{S}elf-efficacy: toward a unifying theory of behavioral change}",
   Journal    = "Psychol Rev",
   Year       = "1977",
   Volume     = "84",
   Number     = "2",
   Pages      = "191--215",
   Month      = "Mar"
}


% ---------------- HABITS ----------------


  % Definition of habit

@Article{article_the_habitual_consumer,
  author       = {Wendy Wood and David T. Neal},
  title        = {The habitual consumer},
  volume       = {19},
  number       = {4},
  pages        = {579--592},
  issn         = {1057-7408},
  date         = {2009},
  doi          = {10.1016/j.jcps.2009.08.003},
  journal = {Journal of Consumer Psychology},
  url          = {http://www.sciencedirect.com/science/article/pii/S1057740809001065},
}

  % on stopping the behaviour when one stops using behaviour change apps:

@Article{article_dont_kick_habit,
  author    = {Renfree, Ian and Harrison, Daniel and Marshall, Paul and Stawarz, Katarzyna and Cox, Anna},
  title     = {Don'T Kick the Habit: The Role of Dependency in Habit Formation Apps},
  booktitle = {Proceedings of the 2016 CHI Conference Extended Abstracts on Human Factors in Computing Systems},
  year      = {2016},
  series    = {CHI EA '16},
  pages     = {2932--2939},
  address   = {New York, NY, USA},
  publisher = {ACM},
  acmid     = {2892495},
  date      = {2016},
  doi       = {10.1145/2851581.2892495},
  isbn      = {978-1-4503-4082-3},
  keywords  = {behavior change, habit formation, reminders, smartphone apps, streaks},
  location  = {Santa Clara, California, USA},
  numpages  = {8},
}

@Article{article_beyond_self_tracking_designing_apps,
  author    = {Stawarz, Katarzyna and Cox, Anna L. and Blandford, Ann},
  title     = {Beyond Self-Tracking and Reminders: Designing Smartphone Apps That Support Habit Formation},
  journal   = {Proceedings of the 2015 Conference on Human Factors in Computing Systems (CHI-2015)},
  year      = {2015},
  pages     = {2653--2662},
  acmid     = {2702230},
  address   = {New York, NY, USA},
  booktitle = {Proceedings of the 33\textsuperscript{rd} Annual ACM Conference on Human Factors in Computing Systems},
  date      = {2015},
  doi       = {10.1145/2702123.2702230},
  isbn      = {978-1-4503-3145-6},
  keywords  = {behavior change, habit formation, smartphone apps},
  location  = {Seoul, Republic of Korea},
  numpages  = {10},
  publisher = {ACM},
  series    = {CHI '15},
}

@Article{article_promoting_habit_formation,
  author       = {Phillippa Lally and Benjamin Gardner},
  title        = {Promoting habit formation},
  volume       = {7},
  number       = {sup1},
  pages        = {S137-S158},
  date         = {2013},
  doi          = {10.1080/17437199.2011.603640},
  eprint       = {http://dx.doi.org/10.1080/17437199.2011.603640},
  journal = {Health Psychology Review},
}

@Article{article_experiences_of_habit_formation,
  author       = {Phillippa Lally and Jane Wardle and Benjamin Gardner},
  title        = {Experiences of habit formation: A qualitative study},
  volume       = {16},
  number       = {4},
  pages        = {484--489},
  note         = {PMID: 21749245},
  date         = {2011},
  doi          = {10.1080/13548506.2011.555774},
  eprint       = {http://dx.doi.org/10.1080/13548506.2011.555774},
  journal = {Psychology, Health \& Medicine},
}

  % Links w Multi-Modal

@Article{article_understanding_use_contextual_cues_design_impl,
  author       = {Katarzyna Stawarz and Marcela D Rodr{{\~{A}}}\-guez and Anna L Cox and Ann Blandford},
  title        = {Understanding the use of contextual cues: design implications for medication adherence technologies that support remembering},
  volume       = {2},
  pages        = {2055207616678707},
  date         = {2016},
  doi          = {10.1177/2055207616678707},
  eprint       = {http://dx.doi.org/10.1177/2055207616678707},
  journal = {DIGITAL HEALTH},
}

  % 66 days

@Article{article_how_habits_formed_modelling_habit_formation,
  author       = {Lally, Phillippa and van Jaarsveld, Cornelia H. M. and Potts, Henry W. W. and Wardle, Jane},
  title        = {How are habits formed: Modelling habit formation in the real world},
  volume       = {40},
  number       = {6},
  pages        = {998--1009},
  issn         = {1099-0992},
  date         = {2010},
  doi          = {10.1002/ejsp.674},
  journal = {European Journal of Social Psychology},
  publisher    = {John Wiley \& Sons, Ltd.},
}

@Article{article_designing_for_health_behaviour_change_hci,
  author       = {Stawarz, K., Cox, A. L.},
  title        = {Designing for Health Behavior Change: HCI Research Alone Is Not Enough.},
  date         = {2015},
  journal = {Crossing HCI and Health: Advancing Health and Wellness Technology Research in Home and Community Settings, CHI 2015 Workshop},
}

@Article{article_meta_analytic_review_intrinsic_motivation,
  author       = {Deci, Edward L.; Koestner, Richard; Ryan, Richard M.},
  title        = {A meta-analytic review of experiments examining the effects of extrinsic rewards on intrinsic motivation.},
  journal      = {Psychological Bulletin},
  year         = {1999},
  date         = {Nov 1999},
  doi          = {10.1037/0033-2909.125.6.627},
  journal = {Psychological Bulletin, Vol 125(6)},
}

@InCollection{article_implementation_intentions_multicue,
  author    = {B Verplanken},
  title     = {Habits and implementation intentions},
  booktitle = {The ABC of behavioural change.},
  publisher = {Elsevier},
  pages     = {99--109},
  date      = {2005},
  location  = {Oxford, UK},
  url       = {http://opus.bath.ac.uk/9438/},
}

@Article{article_implementation_intentions,
  author       = {Gollwitzer, Peter M},
  title        = {Implementation intentions: strong effects of simple plans.},
  volume       = {54},
  number       = {7},
  pages        = {493},
  date         = {1999},
  journal = {American Psychologist},
  publisher    = {American Psychological Association},
}

@Article{article_behaviour_change_wheel,
  author       = {Michie, Susan and van Stralen, Maartje M. and West, Robert},
  title        = {The behaviour change wheel: A new method for characterising and designing behaviour change interventions},
  volume       = {6},
  number       = {1},
  pages        = {42},
  issn         = {1748-5908},
  abstract     = {Improving the design and implementation of evidence-based practice depends on successful behaviour change interventions. This requires an appropriate method for characterising interventions and linking them to an analysis of the targeted behaviour. There exists a plethora of frameworks of behaviour change interventions, but it is not clear how well they serve this purpose. This paper evaluates these frameworks, and develops and evaluates a new framework aimed at overcoming their limitations.},
  date         = {2011},
  doi          = {10.1186/1748-5908-6-42},
  journal = {Implementation Science},
}


  % ---------------- DESIGN REQUIREMENTS ----------------

@Article{article_dont_forget_your_pill,
  author    = {Stawarz, Katarzyna and Cox, Anna L. and Blandford, Ann},
  title     = {Don't Forget Your Pill!: Designing Effective Medication Reminder Apps That Support Users' Daily Routines},
  booktitle = {Proceedings of the 32\textsuperscript{Nd} Annual ACM Conference on Human Factors in Computing Systems},
  year      = {2014},
  series    = {CHI '14},
  pages     = {2269--2278},
  address   = {New York, NY, USA},
  publisher = {ACM},
  acmid     = {2557079},
  date      = {2014},
  doi       = {10.1145/2556288.2557079},
  isbn      = {978-1-4503-2473-1},
  keywords  = {forgetfulness, habits, medication reminders, routines, smartphone apps},
  location  = {Toronto, Ontario, Canada},
  numpages  = {10},
}

@Article{article_taxonomy_motivational_affordances_meaningful,
  author    = {Weiser, Paul and Bucher, Dominik and Cellina, Francesca and De Luca, Vanessa},
  title     = {{A} {T}axonomy of {M}otivational {A}ffordances for {M}eaningful {G}amified and {P}ersuasive {T}echnologies},
  journal   = {3rd International Conference on ICT for Sustainability (ICT4S)},
  year      = {2015},
  volume    = {22},
  pages     = {271--280},
  booktitle = {Proceedings of the 3\textsuperscript{rd} International Conference on ICT for Sustainability (ICT4S)},
  date      = {2015},
  location  = {Paris},
  publisher = {Atlantis Press},
  series    = {Advances in Computer Science Research},
}

    % NOT CITED

@Article{article_anicipating_habit_formation_psychologicial_computing_approach_to_behavior_change_support,
  author    = {Zhang, Chao and van Wissen, Arlette and Lakens, Dani\"{e}l and Vanschoren, Joaquin and de Ruyter, Boris and IJsselsteijn, Wijnand A.},
  title     = {Anticipating Habit Formation: A Psychological Computing Approach to Behavior Change Support},
  booktitle = {Proceedings of the 2016 ACM International Joint Conference on Pervasive and Ubiquitous Computing: Adjunct},
  year      = {2016},
  series    = {UbiComp '16},
  pages     = {1247--1254},
  address   = {New York, NY, USA},
  publisher = {ACM},
  acmid     = {2968439},
  date      = {2016},
  doi       = {10.1145/2968219.2968439},
  isbn      = {978-1-4503-4462-3},
  keywords  = {behavior change, decision support, habit, mobile health intervention, psychological computing},
  location  = {Heidelberg, Germany},
  numpages  = {8},
}


  % ---------------- MEASURE HABIT STR ----------------

    % Self-Report Habit Index questionnaire (12 questions):

@Article{article_habit_strength,
  author       = {Verplanken, Bas and Orbell, Sheina},
  title        = {Reflections on Past Behavior: A Self-Report Index of Habit Strength},
  volume       = {33},
  number       = {6},
  pages        = {1313--1330},
  issn         = {1559-1816},
  date         = {2003},
  doi          = {10.1111/j.1559-1816.2003.tb01951.x},
  journal = {Journal of Applied Social Psychology},
  publisher    = {Blackwell Publishing Ltd},
}

@Article{article_habit_measurement,
  author       = {Gardner, Benjamin and Abraham, Charles and Lally, Phillippa and de Bruijn, Gert-Jan},
  title        = {Towards parsimony in habit measurement: Testing the convergent and predictive validity of an automaticity subscale of the Self-Report Habit Index},
  volume       = {9},
  number       = {1},
  pages        = {102},
  issn         = {1479-5868},
  abstract     = {The twelve-item Self-Report Habit Index (SRHI) is the most popular measure of energy-balance related habits. This measure characterises habit by automatic activation, behavioural frequency, and relevance to self-identity. Previous empirical research suggests that the SRHI may be abbreviated with no losses in reliability or predictive utility. Drawing on recent theorising suggesting that automaticity is the `active ingredient' of habit-behaviour relationships, we tested whether an automaticity-specific SRHI subscale could capture habit-based behaviour patterns in self-report data.},
  date         = {2012},
  doi          = {10.1186/1479-5868-9-102},
  journal = {International Journal of Behavioral Nutrition and Physical Activity},
}



% ---------------- MODALITIES ----------------

@Article{article_natural_cross_modal_mappings,
  author       = {Evans, Karla K. and Treisman, Anne},
  title        = {Natural cross-modal mappings between visual and auditory features},
  volume       = {10},
  number       = {1},
  pages        = {6},
  date         = {2010},
  doi          = {10.1167/10.1.6},
  eprint       = {/data/journals/jov/932788/jov-10-1-6.pdf},
  journal = {Journal of Vision},
  url          = { + http://dx.doi.org/10.1167/10.1.6},
}

  % How wearables are good for habit formation

@Article{article_wearable_good,
  author       = {Lyons EJ, Lewis ZH, Mayrsohn BG, Rowland JL},
  title        = {Behavior Change Techniques Implemented in Electronic Lifestyle Activity Monitors: A Systematic Content Analysis},
  date         = {2014},
  doi          = {10.2196/jmir.3469},
  journal = {J Med Internet Res 2014;16(8):e192},
  url          = {http://www.jmir.org/2014/8/e192},
}

  % use of game elements to support regular medication-taking (so kind of related to habits)

@Article{article_movipill_improving_medication_elders,
  author    = {de Oliveira, Rodrigo and Cherubini, Mauro and Oliver, Nuria},
  title     = {MoviPill: Improving Medication Compliance for Elders Using a Mobile Persuasive Social Game},
  booktitle = {Proceedings of the 12\textsuperscript{th} ACM International Conference on Ubiquitous Computing},
  year      = {2010},
  series    = {UbiComp '10},
  pages     = {251--260},
  address   = {New York, NY, USA},
  publisher = {ACM},
  acmid     = {1864371},
  date      = {2010},
  doi       = {10.1145/1864349.1864371},
  isbn      = {978-1-60558-843-8},
  keywords  = {elderly, medication compliance, persuasive mobile interfaces, user study},
  location  = {Copenhagen, Denmark},
  numpages  = {10},
}

@Article{article_user_centred_multimodal_reminders,
  author    = {McGee-Lennon, Marilyn Rose and Wolters, Maria Klara and Brewster, Stephen},
  title     = {User-centred Multimodal Reminders for Assistive Living},
  booktitle = {Proceedings of the SIGCHI Conference on Human Factors in Computing Systems},
  year      = {2011},
  series    = {CHI '11},
  pages     = {2105--2114},
  address   = {New York, NY, USA},
  publisher = {ACM},
  acmid     = {1979248},
  date      = {2011},
  doi       = {10.1145/1978942.1979248},
  isbn      = {978-1-4503-0228-9},
  keywords  = {assisted living, focus groups, home tours, multimodal interfaces, personalisation, reminder systems, surveys, telecare},
  location  = {Vancouver, BC, Canada},
  numpages  = {10},
}

@Article{article_designing_multimodal_reminders_for_home,
  author    = {Williamson, Julie R. and McGee-Lennon, Marilyn and Brewster, Stephen},
  title     = {Designing Multimodal Reminders for the Home: Pairing Content with Presentation},
  booktitle = {Proceedings of the 14\textsuperscript{th} ACM International Conference on Multimodal Interaction},
  year      = {2012},
  series    = {ICMI '12},
  pages     = {445--448},
  address   = {New York, NY, USA},
  publisher = {ACM},
  acmid     = {2388774},
  date      = {2012},
  doi       = {10.1145/2388676.2388774},
  isbn      = {978-1-4503-1467-1},
  keywords  = {multimodal interaction, reminder systems, user-centred design},
  location  = {Santa Monica, California, USA},
  numpages  = {4},
}

@Article{article_realtime_feedback_improving_medication_taking,
  author    = {Lee, Matthew L. and Dey, Anind K.},
  title     = {Real-time Feedback for Improving Medication Taking},
  booktitle = {Proceedings of the 32\textsuperscript{Nd} Annual ACM Conference on Human Factors in Computing Systems},
  year      = {2014},
  series    = {CHI '14},
  pages     = {2259--2268},
  address   = {New York, NY, USA},
  publisher = {ACM},
  acmid     = {2557210},
  date      = {2014},
  doi       = {10.1145/2556288.2557210},
  isbn      = {978-1-4503-2473-1},
  keywords  = {ambient display, behavior change, feedback, medication adherence, self-efficacy, self-regulation, sensors},
  location  = {Toronto, Ontario, Canada},
  numpages  = {10},
}



% ---------------- DESIGN / IMPLEMENTATION ----------------

@Article{article_mhealth,
  author    = {Smith, Anthony and de Salas, Kristy and Sch\"{u}z, Benjamin and Ferguson, Stuart G and Lewis, Ian},
  title     = {mHealth Intervention Design: Creating mHealth Interventions for Behaviour Change},
  booktitle = {Proceedings of the 28\textsuperscript{th} Australian Conference on Computer-Human Interaction},
  year      = {2016},
  series    = {OzCHI '16},
  pages     = {531--536},
  address   = {New York, NY, USA},
  publisher = {ACM},
  acmid     = {3010986},
  date      = {2016},
  doi       = {10.1145/3010915.3010986},
  isbn      = {978-1-4503-4618-4},
  keywords  = {behaviour change, behaviour change techniques, mHealth, user centred design},
  location  = {Launceston, Tasmania, Australia},
  numpages  = {6},
}
% NOT CITED

@Article{website_how_to_design_feedback_loops,
  author       = {Author},
  title        = {How To Design Outstanding Feedback Loops},
  date         = {2013},
  journal = {Smashing Magazine},
  url          = {https://www.smashingmagazine.com/2013/02/designing-great-feedback-loops/},
}
% NOT CITED

@Article{article_semi_automated_tracking_apprach_to_self_monitoring_apps,
  author       = {E. K. Choe and S. Abdullah and M. Rabbi and E. Thomaz and D. A. Epstein and F. Cordeiro and M. Kay and G. D. Abowd and T. Choudhury and J. Fogarty and B. Lee and M. Matthews and J. A. Kientz},
  title        = {Semi-Automated Tracking: A Balanced Approach for Self-Monitoring Applications},
  volume       = {16},
  number       = {1},
  pages        = {74--84},
  issn         = {1536-1268},
  date         = {2017-01},
  doi          = {10.1109/MPRV.2017.18},
  journal = {IEEE Pervasive Computing},
}

@Article{article_designing_for_healthy_lifestyles,
  author       = {Sunny Consolvo and Predrag Klasnja and David W. McDonald and James A. Landay},
  title        = {Designing for Healthy Lifestyles: Design Considerations for Mobile Technologies to Encourage Consumer Health and Wellness},
  volume       = {6},
  number       = {3â€“4},
  pages        = {167--315},
  issn         = {1551-3955},
  date         = {2014},
  doi          = {10.1561/1100000040},
  journal = {Foundations and TrendsÂ® in Humanâ€“Computer Interaction},
}

% NOT CITED
%   ## Fit4life project
%   - looked at the extremes of persuasive technology, e.g. what if you had a fridge that didn't open, or sensors on the sole of your feet
%   - Ethics of persuasive technology, use user insights, rather than a 'designers one right way'
%   - http://wtf.tw/ref/purpura.pdf

@Article{article_fit4life_design_of_persuasive_tech,
  author    = {Purpura, Stephen and Schwanda, Victoria and Williams, Kaiton and Stubler, William and Sengers, Phoebe},
  title     = {Fit4Life: The Design of a Persuasive Technology Promoting Healthy Behavior and Ideal Weight},
  booktitle = {Proceedings of the SIGCHI Conference on Human Factors in Computing Systems},
  series    = {CHI '11},
  pages     = {423--432},
  address   = {New York, NY, USA},
  publisher = {ACM},
  acmid     = {1979003},
  date      = {2011},
  doi       = {10.1145/1978942.1979003},
  isbn      = {978-1-4503-0228-9},
  keywords  = {critical design, persuasive technology, social implications, weight loss},
  location  = {Vancouver, BC, Canada},
  numpages  = {10},
}


%   ## Moti
%   - Smart companions that help you build better habits.
%   - www.moti.io

%   ## Fold It
%   - Using humans to solve machine learning tasks
%   - https://fold.it/portal/

%   ## Why habit formation is the key to long term retention
%   - Breifly touch onto habit formation
%   - http://www.gameanalytics.com/blog/habit-formation-key-long-term-retention.html


%   ## Pavlok, a habit training device, shocks you when you engage in a bad habit
%   - For this device https://pavlok.com/
%   - Memory-enhancing and habit-training methods and devices
%   - Patent for the device https://www.google.com/patents/US20150254992

%   ## Fitbit API
%   - https://dev.fitbit.com/docs/devices/#alarms



% ---------------- GAMIFICATION ----------------


  % # GAMIFICATION


  %   ## Dave Cliff Gamification
  %   - M2006_16_19 Online Games, Gold Farming, & Gamification
  %   - https://vimeo.com/198269646

  %   ## Engineering Luck into Games
  %   - When people *need* a win, the game changes to make it easier for them to win
  %   - If the stats find that people leave a game within x seconds because its too hard, make it easy at x-1 seconds.
  %   - Although people can perceive patterns of manipulation where there are none
  %   - http://nautil.us/issue/44/luck/how-designers-engineer-luck-into-video-games

  %   ## The psychology of Freemium games
  %   - Inapp purchase infographic
  %   - http://www.psychguides.com/interact/the-psychology-of-freemium/

  %   ## The Science Behind Mobile Gaming Addiction
  %   - Good infographic about mobile game addiction
  %   - http://www.online-psychology-degrees.org/mobile-gaming-addiction/

% NOT CITED
% FreeToPlay elements
% https://books.google.co.uk/books?hl=en&lr=&id=QIXNquWvB2oC&oi=fnd&pg=PR10&dq=addicting+games+money&ots=Wk4nH2dUJo&sig=-jULaxg-lusJpIumSSB6KtmLMsA#v=onepage&q=ethical&f=false

@Book{article_free_to_play_making_money_from_games_you_give_away,
  title     = {Free-to-Play: Making Money From Games You Give Away},
  publisher = {Pearson Education},
  year      = {2013},
  author    = {Will Luton},
  editor    = {Will Luton},
  isbn      = {9780133411249},
  date      = {2013},
  url       = {https://books.google.co.uk/books?id=QIXNquWvB2oC},
}

% NOT CITED

@Misc{programme_why_are_gambling_machines_addictive,
  author    = {Wendy B, Michael S, Karen W},
  title     = {Why are Gambling Machines Addictive?},
  date      = {2016},
  publisher = {Panorama - Amazing Productions},
  url       = {http://www.bbc.co.uk/programmes/b07w11kg},
}

@Comment{jabref-meta: databaseType:bibtex;}
